
@misc{schmidt_sparqling_2020,
	type = {Blog},
	title = {{SPARQLing} {Ogham} {Stones}},
	url = {http://archaeoinformatics.net/linked-and-sparqling-ogham-stones/},
	language = {EN},
	author = {Schmidt, Sophie Charlotte and Thiery, Florian},
	month = apr,
	year = {2020}
}